@Article{Kiefer_Bartel_Menzel_SmartMatStruct_2012,
 author    = {B. Kiefer and T. Bartel and A. Menzel},
 title     = {Implementation of numerical integration schemes for the simulation of magnetic SMA constitutive response},
 year      = {2012},
 journal   = {Smart Mat. Struct.},
 volume    = {},
 pages     = {},
 note      = {accepted for publication},
}

@Article{Bartel_Menzel_Svendsen_JMPS_2011,
 author    ={T. Bartel and A. Menzel and B. Svendsen},
 title     ={Thermodynamic and relaxation-based modeling of the interaction between martensitic phase transformations and plasticity},
 year      ={2011},
 journal   ={J. Mech. Phys. Sol.},
 volume    ={59},
 pages     ={1004-1019},
}

@PhdThesis{Bartel_Diss,
  author = 	 {T. Bartel},
  title = 	 {Multiskalenmodellierung martensitischer {P}hasentransformationen in {F}ormged{\"a}chtnislegierungen unter {V}erwendung relaxierter {E}nergiepotenziale},
  school = 	 {Ruhr-Universit{\"a}t Bochum},
  year = 	 {2009},
  OPTkey = 	 {},
  OPTtype = 	 {},
  OPTaddress = 	 {},
  OPTmonth = 	 {},
  OPTnote = 	 {},
  OPTannote = 	 {}
}

@BOOK{Bathe,
	author    ={K. J. Bathe},
	year      ={1990},
	title     ={Finite-Elemente-Methoden},
	publisher ={Springer Verlag},
	address   ={Berlin},
	editor    ={},
	edition   ={},
	volume    ={},
	series    ={},
	number    ={},
	key       ={},
	type      ={},
	note      ={}
}

@Article{HashinShtrikman01,
 author    = {Z. Hashin and S. Shtrikman},
 title     = {On Some Variational Principles in Anisotropic and Nonhomogemeous Elasticity},
 year      = {1962},
 journal   = {J. Mech. Phys. Sol.},
 volume    = {10},
 pages     = {335-342},
}

@Article{Eshelby01,
 author    = {J. D. Eshelby},
 title     = {The determination of the elastic field of an ellipsoidal inclusion, and related problems},
 year      = {1957},
 journal   = {Proc. Roy. Soc.},
 volume    = {241},
 pages     = {376-396},
}

@BOOK{Truesdell_Noll_01,
	author    ={C. Truesdell and W. Noll},
	year      ={1965},
	title     ={The non-linear field theories of mechanics},
	publisher ={Springer},
	address   ={Berlin},
	chapter   ={},
	series    ={},
	number    ={},
	pages	  ={},
	key       ={},
	type      ={},
	note      ={}
}

@BOOK{Bertsekas_01,
	author    ={D. P. Bertsekas},
	year      ={1982},
	title     ={Constrained Optimization and Lagrange Multiplier Methods},
	publisher ={Academic Press},
	address   ={New York},
	editor    ={},
	edition   ={},
	volume    ={},
	series    ={Computer Science and Applied Mathematics},
	number    ={},
	key       ={},
	type      ={},
	note      ={}
}

@BOOK{Ciarlet_01,
	author    ={P. G. Ciarlet},
	year      ={1993},
	title     ={Mathematical Elasticity},
	publisher ={Elsevier Science Publisher},
	address   ={Amsterdam},
	editor    ={},
	edition   ={},
	volume    ={1},
	series    ={},
	number    ={},
	key       ={},
	type      ={},
	note      ={}
}
